@ARTICLE{Stomakhin:2013:MPM:2461912.2461948,
  author = {Stomakhin, Alexey and Schroeder, Craig and Chai, Lawrence and Teran,
	Joseph and Selle, Andrew},
  title = {A Material Point Method for Snow Simulation},
  journal = {ACM Trans. Graph.},
  year = {2013},
  volume = {32},
  pages = {102:1--102:10},
  number = {4},
  month = jul,
  acmid = {2461948},
  address = {New York, NY, USA},
  articleno = {102},
  doi = {10.1145/2461912.2461948},
  issn = {0730-0301},
  issue_date = {July 2013},
  keywords = {material point, physically-based modeling, snow simulation},
  numpages = {10},
  publisher = {ACM},
  url = {http://doi.acm.org/10.1145/2461912.2461948}
}