@inproceedings{MPM:AVALANCHE,
  author = {Gaume, Johan and Gast, Theodore and Teran, Joseph and van Herwijnen, Alec and Jiang, Chenfanfu},
  year = {2018},
  month = {08},
  pages = {},
  title = {Unified modeling of the release and flow of snow avalanches using the Material Point Method}
}

@article{Steffen,
  title={Analysis and reduction of quadrature errors in the material point method (MPM)},
  author={Steffen, Michael and Kirby, Robert M and Berzins, Martin},
  journal={International journal for numerical methods in engineering},
  volume={76},
  number={6},
  pages={922--948},
  year={2008},
  publisher={Wiley Online Library}
}
